@Misc{nutch,
  title =	{Apache Nutch},
  note	= 	{http://lucene.apache.org/nutch/}
}

@Misc{bixo,
  title =	{Bixo Framework},
  note	= 	{http://bixo.101tec.com/}
}

@Misc{joycrawler,
  title =	{JoyCrawler project},
  note	= 	{https://code.google.com/p/joycrawler/}
}

@Misc{WebSPHINX,
  title =	{WebSPHINX: Website-Specific Processors for HTML INformation eXtraction},
  note	= 	{http://www.cs.cmu.edu/~rcm/websphinx/}
}

@Misc{crawler4j,
  title =	{Crawler4j project},
  note	= 	{https://code.google.com/p/crawler4j/}
}

@Misc{seworld,
  title =	{SEWORLD mailing list. ACM and SIGSOFT Special Interest Group on Software Engineering},
  note	=	{http://www.sigsoft.org/seworld/}
}

@Misc{seworld-archive,
  title = 	 {SEWORLD mailing list archive},
  note = 	 {http://listserv.acm.org/scripts/wa-acmlpx.exe?A0=seworld}
}